<record><leader>00000cas a2200000 i 4500</leader><controlfield tag="001">914301212</controlfield><controlfield tag="006">swr neo     0    0</controlfield><controlfield tag="007">cr ur|||||||||</controlfield><controlfield tag="008">150723c20129999ncuwr neo     0    0eng c</controlfield><datafield ind1=" " ind2=" " tag="010"><subfield code="a">  2015238532</subfield></datafield><datafield ind1=" " ind2=" " tag="040"><subfield code="a">IUL</subfield><subfield code="b">eng</subfield><subfield code="e">rda</subfield><subfield code="c">IUL</subfield><subfield code="d">IUL</subfield><subfield code="d">COO</subfield></datafield><datafield ind1=" " ind2=" " tag="042"><subfield code="a">pcc</subfield></datafield><datafield ind1=" " ind2=" " tag="043"><subfield code="a">n-us-nc</subfield></datafield><datafield ind1="1" ind2="4" tag="050"><subfield code="a">AP2</subfield><subfield code="b">.I53</subfield></datafield><datafield ind1="0" ind2=" " tag="130"><subfield code="a">Indy week (Online)</subfield></datafield><datafield ind1="1" ind2="0" tag="245"><subfield code="a">Indy week.</subfield></datafield><datafield ind1=" " ind2="1" tag="264"><subfield code="a">Durham, N.C. :</subfield><subfield code="b">Susan Harper :</subfield><subfield code="b">Independent Weekly,</subfield><subfield code="c">2012-</subfield></datafield><datafield ind1=" " ind2=" " tag="300"><subfield code="a">online resource</subfield></datafield><datafield ind1=" " ind2=" " tag="310"><subfield code="a">Weekly</subfield></datafield><datafield ind1=" " ind2=" " tag="336"><subfield code="a">text</subfield><subfield code="b">txt</subfield><subfield code="2">rdacontent</subfield></datafield><datafield ind1=" " ind2=" " tag="337"><subfield code="a">computer</subfield><subfield code="b">c</subfield><subfield code="2">rdamedia</subfield></datafield><datafield ind1=" " ind2=" " tag="338"><subfield code="a">online resource</subfield><subfield code="b">cr</subfield><subfield code="2">rdacarrier</subfield></datafield><datafield ind1="0" ind2=" " tag="362"><subfield code="a">Vol. 29, no. 40 (Oct. 3, 2012)-</subfield></datafield><datafield ind1=" " ind2=" " tag="500"><subfield code="a">Covering four counties, Wake, Durham, Orange and Chatham.</subfield></datafield><datafield ind1=" " ind2=" " tag="588"><subfield code="a">Description based on: "Publication information"; title from Alt-PressWatch web page (viewed July 23, 2015).</subfield></datafield><datafield ind1=" " ind2=" " tag="588"><subfield code="a">Latest issue consulted: Vol. 32, no. 25 (June 24, 2015) (surrogate).</subfield></datafield><datafield ind1=" " ind2="0" tag="651"><subfield code="a">Durham (N.C.)</subfield><subfield code="v">Newspapers.</subfield></datafield><datafield ind1=" " ind2="0" tag="651"><subfield code="a">Wake County (N.C.)</subfield><subfield code="v">Newspapers.</subfield></datafield><datafield ind1=" " ind2="0" tag="651"><subfield code="a">Durham County (N.C.)</subfield><subfield code="v">Newspapers.</subfield></datafield><datafield ind1=" " ind2="0" tag="651"><subfield code="a">Orange County (N.C.)</subfield><subfield code="v">Newspapers.</subfield></datafield><datafield ind1=" " ind2="0" tag="651"><subfield code="a">Chatham County (N.C.)</subfield><subfield code="v">Newspapers.</subfield></datafield><datafield ind1=" " ind2="7" tag="651"><subfield code="a">North Carolina</subfield><subfield code="z">Chatham County.</subfield><subfield code="2">fast</subfield><subfield code="0">(OCoLC)fst01214602</subfield></datafield><datafield ind1=" " ind2="7" tag="651"><subfield code="a">North Carolina</subfield><subfield code="z">Durham.</subfield><subfield code="2">fast</subfield><subfield code="0">(OCoLC)fst01207378</subfield></datafield><datafield ind1=" " ind2="7" tag="651"><subfield code="a">North Carolina</subfield><subfield code="z">Durham County.</subfield><subfield code="2">fast</subfield><subfield code="0">(OCoLC)fst01218049</subfield></datafield><datafield ind1=" " ind2="7" tag="651"><subfield code="a">North Carolina</subfield><subfield code="z">Orange County.</subfield><subfield code="2">fast</subfield><subfield code="0">(OCoLC)fst01220945</subfield></datafield><datafield ind1=" " ind2="7" tag="651"><subfield code="a">North Carolina</subfield><subfield code="z">Wake County.</subfield><subfield code="2">fast</subfield><subfield code="0">(OCoLC)fst01204274</subfield></datafield><datafield ind1=" " ind2="7" tag="655"><subfield code="a">Periodicals.</subfield><subfield code="2">fast</subfield><subfield code="0">(OCoLC)fst01411641</subfield></datafield><datafield ind1=" " ind2=" " tag="752"><subfield code="a">United States</subfield><subfield code="b">North Carolina</subfield><subfield code="c">Durham</subfield><subfield code="d">Durham.</subfield></datafield><datafield ind1="0" ind2="8" tag="776"><subfield code="i">Print version:</subfield><subfield code="t">Indy week</subfield><subfield code="w">(OCoLC)824954434</subfield></datafield><datafield ind1="0" ind2="0" tag="780"><subfield code="t">Independent weekly (Durham, N.C. : Online)</subfield><subfield code="w">(DLC)  2012236724</subfield><subfield code="w">(OCoLC)50280514</subfield></datafield><datafield ind1="4" ind2="1" tag="856"><subfield code="3">Current issue</subfield><subfield code="u">http://www.indyweek.com/</subfield></datafield></record>